@Article{1,
 author = {C.E. Torres, H. Parishani, O. Ayala, L.F. Rossi, L.-P. Wang},
 title = {Analysis and parallel implementation of a forced N-body problem},
 journal = {Journal of Computational Physics},
 year = {2013},
 number = {245},
 pages = {256--257},
}

@Article{2,
 author = {Davies, Higham},
 title = {Computing f (A) b for matrix functions f},
 journal = {School of Mathematics, University of Manchester, Manchester, M13 9PL, England},
 year = {2005},
 pages = {6-10},
}