@Article{1,
 author = {C.E. Torres, H. Parishani, O. Ayala, L.F. Rossi, L.-P. Wang},
 title = {Analysis and parallel implementation of a forced N-body problem},
 journal = {Journal of Computational Physics},
 year = {2013},
 number = {245},
 pages = {256--257},
}